@book{lusch,
  title={Martingale in diskreter Zeit: Theorie und Anwendungen},
  author={Luschgy, H.},
  isbn={9783642299612},
  series={Springer-Lehrbuch Masterclass},
  year={2013},
  publisher={Springer Berlin Heidelberg}
}
@unpublished{seb,
  title={Konvergenz des Robbins-Monro-Algorithmus},
  author={Kassing, Sebastian},
  year={2016}
}